<record><leader>01612nam a22003978a 4500</leader><controlfield tag="001">6849303</controlfield><controlfield tag="003">UkCbUP</controlfield><controlfield tag="005">20150305021019.0</controlfield><controlfield tag="006">m|||||o||d||||||||</controlfield><controlfield tag="007">cr||||||||||||</controlfield><controlfield tag="008">140116r2015||||enk     o     ||1 0|eng|d</controlfield><datafield ind1=" " ind2=" " tag="020"><subfield code="a">9781139696999 (ebook)</subfield></datafield><datafield ind1=" " ind2=" " tag="020"><subfield code="z">9781107074576 (hardback)</subfield></datafield><datafield ind1=" " ind2=" " tag="020"><subfield code="z">9781107426467 (paperback)</subfield></datafield><datafield ind1=" " ind2=" " tag="039"><subfield code="a">exclude</subfield></datafield><datafield ind1=" " ind2=" " tag="040"><subfield code="a">UkCbUP</subfield><subfield code="c">UkCbUP</subfield><subfield code="e">rda</subfield><subfield code="d">AEU</subfield></datafield><datafield ind1=" " ind2=" " tag="090"><subfield code="a">Internet Access</subfield><subfield code="b">AEU</subfield></datafield><datafield ind1="1" ind2=" " tag="100"><subfield code="a">Edwards, Sam,</subfield><subfield code="e">author.</subfield></datafield><datafield ind1="1" ind2="0" tag="245"><subfield code="a">Allies in Memory :</subfield><subfield code="b">World War II and the Politics ofTransatlantic Commemoration, c.1941&#8211;2001 /</subfield><subfield code="c">Sam Edwards.</subfield></datafield><datafield ind1=" " ind2="1" tag="264"><subfield code="a">Cambridge :</subfield><subfield code="b">Cambridge University Press,</subfield><subfield code="c">2015.</subfield></datafield><datafield ind1=" " ind2=" " tag="300"><subfield code="a">1 online resource (308 pages) :</subfield><subfield code="b">digital, PDF file(s).</subfield></datafield><datafield ind1=" " ind2=" " tag="336"><subfield code="a">text</subfield><subfield code="b">txt</subfield><subfield code="2">rdacontent</subfield></datafield><datafield ind1=" " ind2=" " tag="337"><subfield code="a">computer</subfield><subfield code="b">c</subfield><subfield code="2">rdamedia</subfield></datafield><datafield ind1=" " ind2=" " tag="338"><subfield code="a">online resource</subfield><subfield code="b">cr</subfield><subfield code="2">rdacarrier</subfield></datafield><datafield ind1="1" ind2=" " tag="490"><subfield code="a">Studies in the Social and Cultural History of Modern Warfare ;</subfield><subfield code="v">no. 41</subfield></datafield><datafield ind1=" " ind2=" " tag="500"><subfield code="a">Title from publisher's bibliographic system (viewed on 05 Mar 2015).</subfield></datafield><datafield ind1=" " ind2=" " tag="506"><subfield code="a">Access restricted to authorized users and institutions.</subfield></datafield><datafield ind1=" " ind2=" " tag="596"><subfield code="a">44</subfield></datafield><datafield ind1=" " ind2="0" tag="650"><subfield code="a">War memorials.</subfield></datafield><datafield ind1=" " ind2="0" tag="650"><subfield code="a">Historic sites</subfield><subfield code="x">Conservation and restoration.</subfield></datafield><datafield ind1=" " ind2="0" tag="650"><subfield code="a">World War, 1939-1945</subfield><subfield code="x">Monuments.</subfield></datafield><datafield ind1=" " ind2="0" tag="650"><subfield code="a">Collective memory.</subfield></datafield><datafield ind1=" " ind2="0" tag="830"><subfield code="a">Studies in the Social and Cultural History of Modern Warfare ;</subfield><subfield code="v">no. 41.</subfield></datafield><datafield ind1="4" ind2="0" tag="856"><subfield code="3">University of Alberta Access</subfield><subfield code="u">http://dx.doi.org/10.1017/CBO9781139696999</subfield></datafield><datafield ind1=" " ind2=" " tag="949"><subfield code="h">UAIN</subfield><subfield code="z">CBO</subfield></datafield><datafield ind1=" " ind2=" " tag="926"><subfield code="a">Internet Access</subfield><subfield code="w">LC</subfield><subfield code="c">1</subfield><subfield code="i">6849303-1001</subfield><subfield code="l">INTERNET</subfield><subfield code="m">UAINTERNET</subfield><subfield code="r">Y</subfield><subfield code="s">Y</subfield><subfield code="t">E-RESOURCE</subfield><subfield code="u">3/5/2015</subfield><subfield code="x">E-BOOK</subfield><subfield code="z">CBO</subfield></datafield></record>